@Article{Costello:2012,
  author =       {Costello, E K and Stagaman, K and Dethlefsen, L
                 and Bohannan, B J and Relman, D A},
  title =        {The application of ecological theory toward an
                 understanding of the human microbiome.},
  journal =      {Science},
  year =         {2012},
  month =        {Jun},
  number =       {6086},
  volume =       {336},
  pages =        {1255-62},
  doi =          {10.1126/science.1224203},
  PMID =         {22674335}}

@Article{Turner:2009,
  author =       {Turner, J R},
  title =        {Intestinal mucosal barrier function in health and
                 disease.},
  journal =      {Nat Rev Immunol},
  year =         {2009},
  month =        {Nov},
  number =       {11},
  volume =       {9},
  pages =        {799-809},
  doi =          {10.1038/nri2653},
  PMID =         {19855405}}

@Article{Glover:2016,
  author =       {Glover, L E and Lee, J S and Colgan, S P},
  title =        {Oxygen metabolism and barrier regulation in the
                 intestinal mucosa.},
  journal =      {J Clin Invest},
  year =         {2016},
  month =        {Oct},
  number =       {10},
  volume =       {126},
  pages =        {3680-3688},
  doi =          {10.1172/JCI84429},
  PMID =         {27500494}}

@Article{Marcobal:2013,
  author =       {Marcobal, A and Southwick, A M and Earle, K A and
                 Sonnenburg, J L},
  title =        {A refined palate: bacterial consumption of host
                 glycans in the gut.},
  journal =      {Glycobiology},
  year =         {2013},
  month =        {Sep},
  number =       {9},
  volume =       {23},
  pages =        {1038-46},
  doi =          {10.1093/glycob/cwt040},
  PMID =         {23720460}}

@Article{Rivera-Chavez:2016,
  author =       {Rivera-Ch{\'a}vez, F and Zhang, L F and Faber, F and
                 Lopez, C A and Byndloss, M X and Olsan, E E and
                 Xu, G and Velazquez, E M and Lebrilla, C B and
                 Winter, S E and Bäumler, A J},
  title =        {Depletion of Butyrate-Producing Clostridia from
                 the Gut Microbiota Drives an Aerobic Luminal
                 Expansion of Salmonella.},
  journal =      {Cell Host Microbe},
  year =         {2016},
  month =        {Apr},
  number =       {4},
  volume =       {19},
  pages =        {443-54},
  doi =          {10.1016/j.chom.2016.03.004},
  PMID =         {27078066}}

@Article{Kaiko:2016,
  author =       {Kaiko, G E and Ryu, S H and Koues, O I and
                 Collins, P L and Solnica-Krezel, L and Pearce, E J
                 and Pearce, E L and Oltz, E M and Stappenbeck, T S},
  title =        {The Colonic Crypt Protects Stem Cells from
                 Microbiota-Derived Metabolites.},
  journal =      {Cell},
  year =         {2016},
  month =        {Jun},
  number =       {7},
  volume =       {165},
  pages =        {1708-20},
  doi =          {10.1016/j.cell.2016.05.018},
  PMID =         {27264604}}

@Article{Desai:2016,
  author =       {Desai, M S and Seekatz, A M and Koropatkin, N M
                 and Kamada, N and Hickey, C A and Wolter, M and
                 Pudlo, N A and Kitamoto, S and Terrapon, N and
                 Muller, A and Young, V B and Henrissat, B and
                 Wilmes, P and Stappenbeck, T S and Núñez, G and
                 Martens, E C},
  title =        {A Dietary Fiber-Deprived Gut Microbiota Degrades
                 the Colonic Mucus Barrier and Enhances Pathogen
                 Susceptibility.},
  journal =      {Cell},
  year =         {2016},
  month =        {Nov},
  number =       {5},
  volume =       {167},
  pages =        {1339-1353.e21},
  doi =          {10.1016/j.cell.2016.10.043},
  PMID =         {27863247}}

@Article{Renz:2011,
  author =       {Renz, H and Brandtzaeg, P and Hornef, M},
  title =        {The impact of perinatal immune development on
                 mucosal homeostasis and chronic inflammation.},
  journal =      {Nat Rev Immunol},
  year =         {2011},
  month =        {Dec},
  number =       {1},
  volume =       {12},
  pages =        {9-23},
  doi =          {10.1038/nri3112},
  PMID =         {22158411}}

@Article{Spence:2011,
  author =       {Spence, J R and Mayhew, C N and Rankin, S A and
                 Kuhar, M F and Vallance, J E and Tolle, K and
                 Hoskins, E E and Kalinichenko, V V and Wells, S I
                 and Zorn, A M and Shroyer, N F and Wells, J M},
  title =        {Directed differentiation of human pluripotent stem
                 cells into intestinal tissue in vitro.},
  journal =      {Nature},
  year =         {2011},
  month =        {Feb},
  number =       {7332},
  volume =       {470},
  pages =        {105-9},
  doi =          {10.1038/nature09691},
  PMID =         {21151107}}

@Article{McCracken:2011,
  author =       {McCracken, K W and Howell, J C and Wells, J M and
                 Spence, J R},
  title =        {Generating human intestinal tissue from
                 pluripotent stem cells in vitro.},
  journal =      {Nat Protoc},
  year =         {2011},
  month =        {Nov},
  number =       {12},
  volume =       {6},
  pages =        {1920-8},
  doi =          {10.1038/nprot.2011.410},
  PMID =         {22082986}}

@Article{Watson:2014,
  author =       {Watson, C L and Mahe, M M and Múnera, J and
                 Howell, J C and Sundaram, N and Poling, H M and
                 Schweitzer, J I and Vallance, J E and Mayhew, C N
                 and Sun, Y and Grabowski, G and Finkbeiner, S R
                 and Spence, J R and Shroyer, N F and Wells, J M
                 and Helmrath, M A},
  title =        {An in vivo model of human small intestine using
                 pluripotent stem cells.},
  journal =      {Nat Med},
  year =         {2014},
  month =        {Nov},
  number =       {11},
  volume =       {20},
  pages =        {1310-4},
  doi =          {10.1038/nm.3737},
  PMID =         {25326803}}

@Article{Finkbeiner:2015,
  author =       {Finkbeiner, S R and Hill, D R and Altheim, C H and
                 Dedhia, P H and Taylor, M J and Tsai, Y H and
                 Chin, A M and Mahe, M M and Watson, C L and
                 Freeman, J J and Nattiv, R and Thomson, M and
                 Klein, O D and Shroyer, N F and Helmrath, M A and
                 Teitelbaum, D H and Dempsey, P J and Spence, J R},
  title =        {Transcriptome-wide Analysis Reveals Hallmarks of
                 Human Intestine Development and Maturation
                 In Vitro and In Vivo.},
  journal =      {Stem Cell Reports},
  year =         {2015},
  month =        {Jun},
  number =       {},
  volume =       {},
  pages =        {},
  doi =          {10.1016/j.stemcr.2015.04.010},
  PMID =         {26050928}}

@Article{Bermudez-Brito:2013,
  author =       {Bermudez-Brito, M and Plaza-Díaz, J and Fontana, L
                 and Muñoz-Quezada, S and Gil, A},
  title =        {In vitro cell and tissue models for studying
                 host-microbe interactions: a review.},
  journal =      {Br J Nutr},
  year =         {2013},
  month =        {Jan},
  number =       {},
  volume =       {109 Suppl 2},
  pages =        {S27-34},
  doi =          {10.1017/S0007114512004023},
  PMID =         {23360878}}

@Article{Leslie:2015,
  author =       {Leslie, J L and Huang, S and Opp, J S and Nagy, M
                 S and Kobayashi, M and Young, V B and Spence, J R},
  title =        {Persistence and toxin production by Clostridium
                 difficile within human intestinal organoids result
                 in disruption of epithelial paracellular barrier
                 function.},
  journal =      {Infect Immun},
  year =         {2015},
  month =        {Jan},
  number =       {1},
  volume =       {83},
  pages =        {138-45},
  doi =          {10.1128/IAI.02561-14},
  PMID =         {25312952}}

@Article{Engevik:2015,
  author =       {Engevik, M A and Yacyshyn, M B and Engevik, K A
                 and Wang, J and Darien, B and Hassett, D J and
                 Yacyshyn, B R and Worrell, R T},
  title =        {Human Clostridium difficile infection: altered
                 mucus production and composition.},
  journal =      {Am J Physiol Gastrointest Liver Physiol},
  year =         {2015},
  month =        {Mar},
  number =       {6},
  volume =       {308},
  pages =        {G510-24},
  doi =          {10.1152/ajpgi.00091.2014},
  PMID =         {25552581}}

@Article{Forbester:2015,
  author =       {Forbester, J L and Goulding, D and Vallier, L and
                 Hannan, N and Hale, C and Pickard, D and
                 Mukhopadhyay, S and Dougan, G},
  title =        {Interaction of Salmonella enterica Serovar
                 Typhimurium with Intestinal Organoids Derived from
                 Human Induced Pluripotent Stem Cells.},
  journal =      {Infect Immun},
  year =         {2015},
  month =        {Jul},
  number =       {7},
  volume =       {83},
  pages =        {2926-34},
  doi =          {10.1128/IAI.00161-15},
  PMID =         {25964470}}

@Article{Espey:2013,
  author =       {Espey, M G},
  title =        {Role of oxygen gradients in shaping redox
                 relationships between the human intestine and its
                 microbiota.},
  journal =      {Free Radic Biol Med},
  year =         {2013},
  month =        {Feb},
  number =       {},
  volume =       {55},
  pages =        {130-40},
  doi =          {10.1016/j.freeradbiomed.2012.10.554},
  PMID =         {23127782}}

@Article{Fanaro:2003,
  author =       {Fanaro, S and Chierici, R and Guerrini, P and
                 Vigi, V},
  title =        {Intestinal microflora in early infancy:
                 composition and development.},
  journal =      {Acta Paediatr Suppl},
  year =         {2003},
  month =        {Sep},
  number =       {441},
  volume =       {91},
  pages =        {48-55},
  doi =          {},
  PMID =         {14599042}}

@Article{Favier:2002,
  author =       {Favier, C F and Vaughan, E E and De Vos, W M and
                 Akkermans, A D},
  title =        {Molecular monitoring of succession of bacterial
                 communities in human neonates.},
  journal =      {Appl Environ Microbiol},
  year =         {2002},
  month =        {Jan},
  number =       {1},
  volume =       {68},
  pages =        {219-26},
  doi =          {},
  PMID =         {11772630}}


@Article{Backhed:2015,
  author =       {B{\"a}ckhed, F and Roswall, J and Peng, Y and Feng, Q
                 and Jia, H and Kovatcheva-Datchary, P and Li, Y
                 and Xia, Y and Xie, H and Zhong, H and Khan, M T
                 and Zhang, J and Li, J and Xiao, L and Al-Aama, J
                 and Zhang, D and Lee, Y S and Kotowska, D and
                 Colding, C and Tremaroli, V and Yin, Y and
                 Bergman, S and Xu, X and Madsen, L and
                 Kristiansen, K and Dahlgren, J and Wang, J},
  title =        {Dynamics and Stabilization of the Human Gut
                 Microbiome during the First Year of Life.},
  journal =      {Cell Host Microbe},
  year =         {2015},
  month =        {Jun},
  number =       {6},
  volume =       {17},
  pages =        {852},
  doi =          {10.1016/j.chom.2015.05.012},
  PMID =         {26308884}}

@Article{Colgan:2013,
  author =       {Colgan, S P and Curtis, V F and Campbell, E L},
  title =        {The inflammatory tissue microenvironment in IBD.},
  journal =      {Inflamm Bowel Dis},
  year =         {2013},
  month =        {Sep},
  number =       {10},
  volume =       {19},
  pages =        {2238-44},
  doi =          {10.1097/MIB.0b013e31828dcaaf},
  PMID =         {23702808}}

@Article{Albenberg:2014,
  author =       {Albenberg, L and Esipova, T V and Judge, C P and
                 Bittinger, K and Chen, J and Laughlin, A and
                 Grunberg, S and Baldassano, R N and Lewis, J D and
                 Li, H and Thom, S R and Bushman, F D and
                 Vinogradov, S A and Wu, G D},
  title =        {Correlation between intraluminal oxygen gradient
                 and radial partitioning of intestinal microbiota.},
  journal =      {Gastroenterology},
  year =         {2014},
  month =        {Nov},
  number =       {5},
  volume =       {147},
  pages =        {1055-63.e8},
  doi =          {10.1053/j.gastro.2014.07.020},
  PMID =         {25046162}}

@Article{Kelly:2015,
  author =       {Kelly, C J and Zheng, L and Campbell, E L and
                 Saeedi, B and Scholz, C C and Bayless, A J and
                 Wilson, K E and Glover, L E and Kominsky, D J and
                 Magnuson, A and Weir, T L and Ehrentraut, S F and
                 Pickel, C and Kuhn, K A and Lanis, J M and Nguyen,
                 V and Taylor, C T and Colgan, S P},
  title =        {Crosstalk between Microbiota-Derived Short-Chain
                 Fatty Acids and Intestinal Epithelial HIF Augments
                 Tissue Barrier Function.},
  journal =      {Cell Host Microbe},
  year =         {2015},
  month =        {May},
  number =       {5},
  volume =       {17},
  pages =        {662-71},
  doi =          {10.1016/j.chom.2015.03.005},
  PMID =         {25865369}}

@Article{Finkbeiner:2012,
  author =       {Finkbeiner, S R and Zeng, X L and Utama, B and
                 Atmar, R L and Shroyer, N F and Estes, M K},
  title =        {Stem cell-derived human intestinal organoids as an
                 infection model for rotaviruses.},
  journal =      {MBio},
  year =         {2012},
  month =        {},
  number =       {4},
  volume =       {3},
  pages =        {e00159-12},
  doi =          {10.1128/mBio.00159-12},
  PMID =         {22761392}}

@Article{Ochman:1984,
  author =       {Ochman, H and Selander, R K},
  title =        {Standard reference strains of Escherichia coli
                 from natural populations.},
  journal =      {J Bacteriol},
  year =         {1984},
  month =        {Feb},
  number =       {2},
  volume =       {157},
  pages =        {690-3},
  doi =          {},
  PMID =         {6363394}}

@Article{Veereman-Wauters:1996,
  author =       {Veereman-Wauters, G},
  title =        {Neonatal gut development and postnatal adaptation.},
  journal =      {Eur J Pediatr},
  year =         {1996},
  month =        {Aug},
  number =       {8},
  volume =       {155},
  pages =        {627-32},
  doi =          {},
  PMID =         {8839713}}

@Article{Renz:2012,
  author =       {Renz, H and Brandtzaeg, P and Hornef, M},
  title =        {The impact of perinatal immune development on
                 mucosal homeostasis and chronic inflammation.},
  journal =      {Nat Rev Immunol},
  year =         {2012},
  month =        {Jan},
  number =       {1},
  volume =       {12},
  pages =        {9-23},
  doi =          {10.1038/nri3112},
  PMID =         {22158411}}

@Article{Palmer:2007,
  author =       {Palmer, C and Bik, E M and DiGiulio, D B and
                 Relman, D A and Brown, P O},
  title =        {Development of the human infant intestinal
                 microbiota.},
  journal =      {PLoS Biol},
  year =         {2007},
  month =        {Jul},
  number =       {7},
  volume =       {5},
  pages =        {e177},
  doi =          {10.1371/journal.pbio.0050177},
  PMID =         {17594176}}

@Article{Koenig:2011,
  author =       {Koenig, J E and Spor, A and Scalfone, N and
                 Fricker, A D and Stombaugh, J and Knight, R and
                 Angenent, L T and Ley, R E},
  title =        {Succession of microbial consortia in the
                 developing infant gut microbiome.},
  journal =      {Proc Natl Acad Sci U S A},
  year =         {2011},
  month =        {Mar},
  number =       {},
  volume =       {108 Suppl 1},
  pages =        {4578-85},
  doi =          {10.1073/pnas.1000081107},
  PMID =         {20668239}}

@Article{Erkosar:2015,
  author =       {Erkosar, B and Storelli, G and Mitchell, M and
                 Bozonnet, L and Bozonnet, N and Leulier, F},
  title =        {Pathogen Virulence Impedes Mutualist-Mediated
                 Enhancement of Host Juvenile Growth via Inhibition
                 of Protein Digestion.},
  journal =      {Cell Host Microbe},
  year =         {2015},
  month =        {Oct},
  number =       {4},
  volume =       {18},
  pages =        {445-55},
  doi =          {10.1016/j.chom.2015.09.001},
  PMID =         {26439865}}

@Article{Cho:2012,
  author =       {Cho, I and Yamanishi, S and Cox, L and Methé, B A
                 and Zavadil, J and Li, K and Gao, Z and Mahana, D
                 and Raju, K and Teitler, I and Li, H and
                 Alekseyenko, A V and Blaser, M J},
  title =        {Antibiotics in early life alter the murine colonic
                 microbiome and adiposity.},
  journal =      {Nature},
  year =         {2012},
  month =        {Aug},
  number =       {7413},
  volume =       {488},
  pages =        {621-6},
  doi =          {10.1038/nature11400},
  PMID =         {22914093}}

@Article{Shaw:2010,
  author =       {Shaw, S Y and Blanchard, J F and Bernstein, C N},
  title =        {Association between the use of antibiotics in the
                 first year of life and pediatric inflammatory
                 bowel disease.},
  journal =      {Am J Gastroenterol},
  year =         {2010},
  month =        {Dec},
  number =       {12},
  volume =       {105},
  pages =        {2687-92},
  doi =          {10.1038/ajg.2010.398},
  PMID =         {20940708}}

@Article{Hviid:2011,
  author =       {Hviid, A and Svanström, H and Frisch, M},
  title =        {Antibiotic use and inflammatory bowel diseases in
                 childhood.},
  journal =      {Gut},
  year =         {2011},
  month =        {Jan},
  number =       {1},
  volume =       {60},
  pages =        {49-54},
  doi =          {10.1136/gut.2010.219683},
  PMID =         {20966024}}

@Article{Diaz_Heijtz:2011,
  author =       {Diaz Heijtz, R and Wang, S and Anuar, F and Qian,
                 Y and Bj{\"o}rkholm, B and Samuelsson, A and Hibberd,
                 M L and Forssberg, H and Pettersson, S},
  title =        {Normal gut microbiota modulates brain development
                 and behavior.},
  journal =      {Proc Natl Acad Sci U S A},
  year =         {2011},
  month =        {Feb},
  number =       {7},
  volume =       {108},
  pages =        {3047-52},
  doi =          {10.1073/pnas.1010529108},
  PMID =         {21282636}}

@Article{Clarke:2014,
  author =       {Clarke, G and O'Mahony, S M and Dinan, T G and
                 Cryan, J F},
  title =        {Priming for health: gut microbiota acquired in
                 early life regulates physiology, brain and
                 behaviour.},
  journal =      {Acta Paediatr},
  year =         {2014},
  month =        {Aug},
  number =       {8},
  volume =       {103},
  pages =        {812-9},
  doi =          {10.1111/apa.12674},
  PMID =         {24798884}}

@Article{Abrahamsson:2014,
  author =       {Abrahamsson, T R and Jakobsson, H E and Andersson,
                 A F and Björkstén, B and Engstrand, L and Jenmalm,
                 M C},
  title =        {Low gut microbiota diversity in early infancy
                 precedes asthma at school age.},
  journal =      {Clin Exp Allergy},
  year =         {2014},
  month =        {Jun},
  number =       {6},
  volume =       {44},
  pages =        {842-50},
  doi =          {10.1111/cea.12253},
  PMID =         {24330256}}

@Article{Borre:2014,
  author =       {Borre, Y E and O'Keeffe, G W and Clarke, G and
                 Stanton, C and Dinan, T G and Cryan, J F},
  title =        {Microbiota and neurodevelopmental windows:
                 implications for brain disorders.},
  journal =      {Trends Mol Med},
  year =         {2014},
  month =        {Sep},
  number =       {9},
  volume =       {20},
  pages =        {509-18},
  doi =          {10.1016/j.molmed.2014.05.002},
  PMID =         {24956966}}

@Article{Desbonnet:2014,
  author =       {Desbonnet, L and Clarke, G and Shanahan, F and
                 Dinan, T G and Cryan, J F},
  title =        {Microbiota is essential for social development in
                 the mouse.},
  journal =      {Mol Psychiatry},
  year =         {2014},
  month =        {Feb},
  number =       {2},
  volume =       {19},
  pages =        {146-8},
  doi =          {10.1038/mp.2013.65},
  PMID =         {23689536}}

@Article{Peterson:2014,
  author =       {Peterson, L W and Artis, D},
  title =        {Intestinal epithelial cells: regulators of barrier
                 function and immune homeostasis.},
  journal =      {Nat Rev Immunol},
  year =         {2014},
  month =        {Mar},
  number =       {3},
  volume =       {14},
  pages =        {141-53},
  doi =          {10.1038/nri3608},
  PMID =         {24566914}}

@Article{Shreiner:2015,
  author =       {Shreiner, A B and Kao, J Y and Young, V B},
  title =        {The gut microbiome in health and in disease.},
  journal =      {Curr Opin Gastroenterol},
  year =         {2015},
  month =        {Jan},
  number =       {1},
  volume =       {31},
  pages =        {69-75},
  doi =          {10.1097/MOG.0000000000000139},
  PMID =         {25394236}}

@Article{Round:2009,
  author =       {Round, J L and Mazmanian, S K},
  title =        {The gut microbiota shapes intestinal immune
                 responses during health and disease.},
  journal =      {Nat Rev Immunol},
  year =         {2009},
  month =        {May},
  number =       {5},
  volume =       {9},
  pages =        {313-23},
  doi =          {10.1038/nri2515},
  PMID =         {19343057}}

@Article{ABRAMS:1963,
  author =       {Abrams, G D and Bauer, H and Sprinz, H},
  title =        {Influence of the normal flora on mucosal
                 morphology and cellular renewal in the ileum. A
                 comparison of germ-free and conventional mice.},
  journal =      {Lab Invest},
  year =         {1963},
  month =        {Mar},
  number =       {},
  volume =       {12},
  pages =        {355-64},
  doi =          {},
  PMID =         {14010768}}

@Article{Bry:1996,
  author =       {Bry, L and Falk, P G and Midtvedt, T and Gordon, J
                 I},
  title =        {A model of host-microbial interactions in an open
                 mammalian ecosystem.},
  journal =      {Science},
  year =         {1996},
  month =        {Sep},
  number =       {5280},
  volume =       {273},
  pages =        {1380-3},
  doi =          {},
  PMID =         {8703071}}

@Article{Goto:2014,
  author =       {Goto, Y and Obata, T and Kunisawa, J and Sato, S
                 and Ivanov, I I and Lamichhane, A and Takeyama, N
                 and Kamioka, M and Sakamoto, M and Matsuki, T and
                 Setoyama, H and Imaoka, A and Uematsu, S and
                 Akira, S and Domino, S E and Kulig, P and Becher,
                 B and Renauld, J C and Sasakawa, C and Umesaki, Y
                 and Benno, Y and Kiyono, H},
  title =        {Innate lymphoid cells regulate intestinal
                 epithelial cell glycosylation.},
  journal =      {Science},
  year =         {2014},
  month =        {Sep},
  number =       {6202},
  volume =       {345},
  pages =        {1254009},
  doi =          {10.1126/science.1254009},
  PMID =         {25214634}}

@Article{Nguyen:2015,
  author =       {Nguyen, T L and Vieira-Silva, S and Liston, A and
                 Raes, J},
  title =        {How informative is the mouse for human gut
                 microbiota research?},
  journal =      {Dis Model Mech},
  year =         {2015},
  month =        {Jan},
  number =       {1},
  volume =       {8},
  pages =        {1-16},
  doi =          {10.1242/dmm.017400},
  PMID =         {25561744}}

@Article{Sommer:2015,
  author =       {Sommer, F and Nookaew, I and Sommer, N and
                 Fogelstrand, P and B{\"a}ckhed, F},
  title =        {Site-specific programming of the host epithelial
                 transcriptome by the gut microbiota.},
  journal =      {Genome Biol},
  year =         {2015},
  month =        {},
  number =       {},
  volume =       {16},
  pages =        {62},
  doi =          {10.1186/s13059-015-0614-4},
  PMID =         {25887251}}

@Article{Arrieta:2015,
  author =       {Arrieta, M C and Stiemsma, L T and Dimitriu, P A
                 and Thorson, L and Russell, S and Yurist-Doutsch,
                 S and Kuzeljevic, B and Gold, M J and Britton, H M
                 and Lefebvre, D L and Subbarao, P and Mandhane, P
                 and Becker, A and McNagny, K M and Sears, M R and
                 Kollmann, T and {CHILD Study Investigators} and
                 Mohn, W W and Turvey, S E and Brett Finlay, B},
  title =        {Early infancy microbial and metabolic alterations
                 affect risk of childhood asthma.},
  journal =      {Sci Transl Med},
  year =         {2015},
  month =        {Sep},
  number =       {307},
  volume =       {7},
  pages =        {307ra152},
  doi =          {10.1126/scitranslmed.aab2271},
  PMID =         {26424567}}

@Article{Kremer:2013,
  author =       {Kremer, N and Philipp, E E and Carpentier, M C and
                 Brennan, C A and Kraemer, L and Altura, M A and
                 Augustin, R and Häsler, R and Heath-Heckman, E A
                 and Peyer, S M and Schwartzman, J and Rader, B A
                 and Ruby, E G and Rosenstiel, P and McFall-Ngai, M
                 J},
  title =        {Initial symbiont contact orchestrates
                 host-organ-wide transcriptional changes that prime
                 tissue colonization.},
  journal =      {Cell Host Microbe},
  year =         {2013},
  month =        {Aug},
  number =       {2},
  volume =       {14},
  pages =        {183-94},
  doi =          {10.1016/j.chom.2013.07.006},
  PMID =         {23954157}}

@Article{Broderick:2014,
  author =       {Broderick, N A and Buchon, N and Lemaitre, B},
  title =        {Microbiota-induced changes in drosophila
                 melanogaster host gene expression and gut
                 morphology.},
  journal =      {MBio},
  year =         {2014},
  month =        {},
  number =       {3},
  volume =       {5},
  pages =        {e01117-14},
  doi =          {10.1128/mBio.01117-14},
  PMID =         {24865556}}

@Article{Neu:2011,
  author =       {Neu, J and Walker, W A},
  title =        {Necrotizing enterocolitis.},
  journal =      {N Engl J Med},
  year =         {2011},
  month =        {Jan},
  number =       {3},
  volume =       {364},
  pages =        {255-64},
  doi =          {10.1056/NEJMra1005408},
  PMID =         {21247316}}

@Article{Hackam:2013,
  author =       {Hackam, D J and Good, M and Sodhi, C P},
  title =        {Mechanisms of gut barrier failure in the
                 pathogenesis of necrotizing enterocolitis:
                 Toll-like receptors throw the switch.},
  journal =      {Semin Pediatr Surg},
  year =         {2013},
  month =        {May},
  number =       {2},
  volume =       {22},
  pages =        {76-82},
  doi =          {10.1053/j.sempedsurg.2013.01.003},
  PMID =         {23611610}}

@Article{Afrazi:2014,
  author =       {Afrazi, A and Branca, M F and Sodhi, C P and Good,
                 M and Yamaguchi, Y and Egan, C E and Lu, P and
                 Jia, H and Shaffiey, S and Lin, J and Ma, C and
                 Vincent, G and Prindle, Jr, T and Weyandt, S and
                 Neal, M D and Ozolek, J A and Wiersch, J and
                 Tschurtschenthaler, M and Shiota, C and Gittes, G
                 K and Billiar, T R and Mollen, K and Kaser, A and
                 Blumberg, R and Hackam, D J},
  title =        {Toll-like receptor 4-mediated endoplasmic
                 reticulum stress in intestinal crypts induces
                 necrotizing enterocolitis.},
  journal =      {J Biol Chem},
  year =         {2014},
  month =        {Apr},
  number =       {14},
  volume =       {289},
  pages =        {9584-99},
  doi =          {10.1074/jbc.M113.526517},
  PMID =         {24519940}}

@Article{Fusunyan:2001,
  author =       {Fusunyan, R D and Nanthakumar, N N and Baldeon, M
                 E and Walker, W A},
  title =        {Evidence for an innate immune response in the
                 immature human intestine: toll-like receptors on
                 fetal enterocytes.},
  journal =      {Pediatr Res},
  year =         {2001},
  month =        {Apr},
  number =       {4},
  volume =       {49},
  pages =        {589-93},
  doi =          {10.1203/00006450-200105000-00006},
  PMID =         {11264445}}

@Article{Nanthakumar:2011,
  author =       {Nanthakumar, N and Meng, D and Goldstein, A M and
                 Zhu, W and Lu, L and Uauy, R and Llanos, A and
                 Claud, E C and Walker, W A},
  title =        {The mechanism of excessive intestinal inflammation
                 in necrotizing enterocolitis: an immature innate
                 immune response.},
  journal =      {PLoS One},
  year =         {2011},
  month =        {},
  number =       {3},
  volume =       {6},
  pages =        {e17776},
  doi =          {10.1371/journal.pone.0017776},
  PMID =         {21445298}}

@Article{Balimane:2005,
  author =       {Balimane, P V and Chong, S},
  title =        {Cell culture-based models for intestinal
                 permeability: a critique.},
  journal =      {Drug Discov Today},
  year =         {2005},
  month =        {Mar},
  number =       {5},
  volume =       {10},
  pages =        {335-43},
  doi =          {10.1016/S1359-6446(04)03354-9},
  PMID =         {15749282}}

@Article{Tanner:2015,
  author =       {Tanner, S M and Berryhill, T F and Ellenburg, J L
                 and Jilling, T and Cleveland, D S and Lorenz, R G
                 and Martin, C A},
  title =        {Pathogenesis of necrotizing enterocolitis:
                 modeling the innate immune response.},
  journal =      {Am J Pathol},
  year =         {2015},
  month =        {Jan},
  number =       {1},
  volume =       {185},
  pages =        {4-16},
  doi =          {10.1016/j.ajpath.2014.08.028},
  PMID =         {25447054}}
@Article{Hill:2017,
  author =       {Hill, D R and Spence, J R},
  title =        {Gastrointestinal Organoids: Understanding the
                 Molecular Basis of the Host-Microbe Interface.},
  journal =      {Cell Mol Gastroenterol Hepatol},
  year =         {2017},
  month =        {Mar},
  number =       {2},
  volume =       {3},
  pages =        {138-149},
  doi =          {10.1016/j.jcmgh.2016.11.007},
  PMID =         {28275681}}

@Article{Aagaard:2014,
  author =       {Aagaard, K and Ma, J and Antony, K M and Ganu, R
                 and Petrosino, J and Versalovic, J},
  title =        {The placenta harbors a unique microbiome.},
  journal =      {Sci Transl Med},
  year =         {2014},
  month =        {May},
  number =       {237},
  volume =       {6},
  pages =        {237ra65},
  doi =          {10.1126/scitranslmed.3008599},
  PMID =         {24848255}}

@Article{Morrow:2013,
  author =       {Morrow, A L and Lagomarcino, A J and Schibler, K R
                 and Taft, D H and Yu, Z and Wang, B and Altaye, M
                 and Wagner, M and Gevers, D and Ward, D V and
                 Kennedy, M A and Huttenhower, C and Newburg, D S},
  title =        {Early microbial and metabolomic signatures predict
                 later onset of necrotizing enterocolitis in
                 preterm infants.},
  journal =      {Microbiome},
  year =         {2013},
  month =        {},
  number =       {1},
  volume =       {1},
  pages =        {13},
  doi =          {10.1186/2049-2618-1-13},
  PMID =         {24450576}}

@Article{Greenwood:2014,
  author =       {Greenwood, C and Morrow, A L and Lagomarcino, A J
                 and Altaye, M and Taft, D H and Yu, Z and Newburg,
                 D S and Ward, D V and Schibler, K R},
  title =        {Early empiric antibiotic use in preterm infants is
                 associated with lower bacterial diversity and
                 higher relative abundance of Enterobacter.},
  journal =      {J Pediatr},
  year =         {2014},
  month =        {Jul},
  number =       {1},
  volume =       {165},
  pages =        {23-9},
  doi =          {10.1016/j.jpeds.2014.01.010},
  PMID =         {24529620}}


@Article{Gosalbes:2013,
  author =       {Gosalbes, M J and Llop, S and Vallès, Y and Moya,
                 A and Ballester, F and Francino, M P},
  title =        {Meconium microbiota types dominated by lactic acid
                 or enteric bacteria are differentially associated
                 with maternal eczema and respiratory problems in
                 infants.},
  journal =      {Clin Exp Allergy},
  year =         {2013},
  month =        {Feb},
  number =       {2},
  volume =       {43},
  pages =        {198-211},
  doi =          {10.1111/cea.12063},
  PMID =         {23331561}}

@Article{McCracken:2014,
  author =       {McCracken, K W and Catá, E M and Crawford, C M and
                 Sinagoga, K L and Schumacher, M and Rockich, B E
                 and Tsai, Y H and Mayhew, C N and Spence, J R and
                 Zavros, Y and Wells, J M},
  title =        {Modelling human development and disease in
                 pluripotent stem-cell-derived gastric organoids.},
  journal =      {Nature},
  year =         {2014},
  month =        {Dec},
  number =       {7531},
  volume =       {516},
  pages =        {400-4},
  doi =          {10.1038/nature13863},
  PMID =         {25363776}}

@Article{Subramanian:2005,
  author =       {Subramanian, A and Tamayo, P and Mootha, V K and
                 Mukherjee, S and Ebert, B L and Gillette, M A and
                 Paulovich, A and Pomeroy, S L and Golub, T R and
                 Lander, E S and Mesirov, J P},
  title =        {Gene set enrichment analysis: a knowledge-based
                 approach for interpreting genome-wide expression
                 profiles.},
  journal =      {Proc Natl Acad Sci U S A},
  year =         {2005},
  month =        {Oct},
  number =       {43},
  volume =       {102},
  pages =        {15545-50},
  doi =          {10.1073/pnas.0506580102},
  PMID =         {16199517}}

@Article{Ashburner:2000,
  author =       {Ashburner, M and Ball, C A and Blake, J A and
                 Botstein, D and Butler, H and Cherry, J M and
                 Davis, A P and Dolinski, K and Dwight, S S and
                 Eppig, J T and Harris, M A and Hill, D P and
                 Issel-Tarver, L and Kasarskis, A and Lewis, S and
                 Matese, J C and Richardson, J E and Ringwald, M
                 and Rubin, G M and Sherlock, G},
  title =        {Gene ontology: tool for the unification of
                 biology. The Gene Ontology Consortium.},
  journal =      {Nat Genet},
  year =         {2000},
  month =        {May},
  number =       {1},
  volume =       {25},
  pages =        {25-9},
  doi =          {10.1038/75556},
  PMID =         {10802651}}

@Article{Gene_Ontology_Consortium:2015,
  author =       {{Gene Ontology Consortium}},
  title =        {Gene Ontology Consortium: going forward.},
  journal =      {Nucleic Acids Res},
  year =         {2015},
  month =        {Jan},
  number =       {Database issue},
  volume =       {43},
  pages =        {D1049-56},
  doi =          {10.1093/nar/gku1179},
  PMID =         {25428369}}

@Article{Fabregat:2016,
  author =       {Fabregat, A and Sidiropoulos, K and Garapati, P
                 and Gillespie, M and Hausmann, K and Haw, R and
                 Jassal, B and Jupe, S and Korninger, F and McKay,
                 S and Matthews, L and May, B and Milacic, M and
                 Rothfels, K and Shamovsky, V and Webber, M and
                 Weiser, J and Williams, M and Wu, G and Stein, L
                 and Hermjakob, H and D'Eustachio, P},
  title =        {The Reactome pathway Knowledgebase.},
  journal =      {Nucleic Acids Res},
  year =         {2016},
  month =        {Jan},
  number =       {D1},
  volume =       {44},
  pages =        {D481-7},
  doi =          {10.1093/nar/gkv1351},
  PMID =         {26656494}}

@Article{Croft:2014,
  author =       {Croft, D and Mundo, A F and Haw, R and Milacic, M
                 and Weiser, J and Wu, G and Caudy, M and Garapati,
                 P and Gillespie, M and Kamdar, M R and Jassal, B
                 and Jupe, S and Matthews, L and May, B and
                 Palatnik, S and Rothfels, K and Shamovsky, V and
                 Song, H and Williams, M and Birney, E and
                 Hermjakob, H and Stein, L and D'Eustachio, P},
  title =        {The Reactome pathway knowledgebase.},
  journal =      {Nucleic Acids Res},
  year =         {2014},
  month =        {Jan},
  number =       {Database issue},
  volume =       {42},
  pages =        {D472-7},
  doi =          {10.1093/nar/gkt1102},
  PMID =         {24243840}}

@article{Gruette:1965,
  title={Nutrition and Biochemical Micro-Ecological Processes in the Rectum of Infants},
  author={Gruette, F K and Horn, R and Haenel, H},
  journal={Zeitschrift fu{\"u}r Kinderheilkunde},
  volume={93},
  pages={28},
  year={1965}
}
@Article{Fisher:2013,
  author =       {Fisher, E M and Khan, M and Salisbury, R and
                 Kuppusamy, P},
  title =        {Noninvasive monitoring of small intestinal oxygen
                 in a rat model of chronic mesenteric ischemia.},
  journal =      {Cell Biochem Biophys},
  year =         {2013},
  month =        {Nov},
  number =       {2},
  volume =       {67},
  pages =        {451-9},
  doi =          {10.1007/s12013-013-9611-y},
  PMID =         {23636684}}

@Article{Schmidt:2014,
  author =       {Schmidt, T M and Kao, J Y},
  title =        {A little O2 may go a long way in structuring the
                 GI microbiome.},
  journal =      {Gastroenterology},
  year =         {2014},
  month =        {Nov},
  number =       {5},
  volume =       {147},
  pages =        {956-9},
  doi =          {10.1053/j.gastro.2014.09.025},
  PMID =         {25265578}}

@Article{Zeitouni:2016,
  author =       {Zeitouni, N E and Chotikatum, S and von
                 K{\"o}ckritz-Blickwede, M and Naim, H Y},
  title =        {The impact of hypoxia on intestinal epithelial
                 cell functions: consequences for invasion by
                 bacterial pathogens.},
  journal =      {Mol Cell Pediatr},
  year =         {2016},
  month =        {Dec},
  number =       {1},
  volume =       {3},
  pages =        {14},
  doi =          {10.1186/s40348-016-0041-y},
  PMID =         {27002817}}

@Article{Arteel:1998,
  author =       {Arteel, G E and Thurman, R G and Raleigh, J A},
  title =        {Reductive metabolism of the hypoxia marker
                 pimonidazole is regulated by oxygen tension
                 independent of the pyridine nucleotide redox
                 state.},
  journal =      {Eur J Biochem},
  year =         {1998},
  month =        {May},
  number =       {3},
  volume =       {253},
  pages =        {743-50},
  doi =          {},
  PMID =         {9654074}}

@Article{Rius:2008,
  author =       {Rius, J and Guma, M and Schachtrup, C and
                 Akassoglou, K and Zinkernagel, A S and Nizet, V
                 and Johnson, R S and Haddad, G G and Karin, M},
  title =        {NF-kappaB links innate immunity to the hypoxic
                 response through transcriptional regulation of
                 HIF-1alpha.},
  journal =      {Nature},
  year =         {2008},
  month =        {Jun},
  number =       {7196},
  volume =       {453},
  pages =        {807-11},
  doi =          {10.1038/nature06905},
  PMID =         {18432192}}

@Article{Gilmore:2006,
  author =       {Gilmore, T D},
  title =        {Introduction to NF-kappaB: players, pathways,
                 perspectives.},
  journal =      {Oncogene},
  year =         {2006},
  month =        {Oct},
  number =       {51},
  volume =       {25},
  pages =        {6680-4},
  doi =          {10.1038/sj.onc.1209954},
  PMID =         {17072321}}

@Article{Wullaert:2011,
  author =       {Wullaert, A and Bonnet, M C and Pasparakis, M},
  title =        {NF-kappaB in the regulation of epithelial homeostasis
                 and inflammation.},
  journal =      {Cell Res},
  year =         {2011},
  month =        {Jan},
  number =       {1},
  volume =       {21},
  pages =        {146-58},
  doi =          {10.1038/cr.2010.175},
  PMID =         {21151201}}

@Article{Kishore:2003,
  author =       {Kishore, N and Sommers, C and Mathialagan, S and
                 Guzova, J and Yao, M and Hauser, S and Huynh, K
                 and Bonar, S and Mielke, C and Albee, L and Weier,
                 R and Graneto, M and Hanau, C and Perry, T and
                 Tripp, C S},
  title =        {A selective IKK-2 inhibitor blocks NF-kappa
                 B-dependent gene expression in interleukin-1
                 beta-stimulated synovial fibroblasts.},
  journal =      {J Biol Chem},
  year =         {2003},
  month =        {Aug},
  number =       {35},
  volume =       {278},
  pages =        {32861-71},
  doi =          {10.1074/jbc.M211439200},
  PMID =         {12813046}}

@Article{Litvak:2009,
  author =       {Litvak, V and Ramsey, S A and Rust, A G and Zak, D
                 E and Kennedy, K A and Lampano, A E and Nykter, M
                 and Shmulevich, I and Aderem, A},
  title =        {Function of C/EBPdelta in a regulatory circuit
                 that discriminates between transient and
                 persistent TLR4-induced signals.},
  journal =      {Nat Immunol},
  year =         {2009},
  month =        {Apr},
  number =       {4},
  volume =       {10},
  pages =        {437-43},
  doi =          {10.1038/ni.1721},
  PMID =         {19270711}}

@Article{Muniz:2012,
  author =       {Muniz, L R and Knosp, C and Yeretssian, G},
  title =        {Intestinal antimicrobial peptides during
                 homeostasis, infection, and disease.},
  journal =      {Front Immunol},
  year =         {2012},
  month =        {},
  number =       {},
  volume =       {3},
  pages =        {310},
  doi =          {10.3389/fimmu.2012.00310},
  PMID =         {23087688}}

@Article{Brogden:2005,
  author =       {Brogden, K A},
  title =        {Antimicrobial peptides: pore formers or metabolic
                 inhibitors in bacteria?},
  journal =      {Nat Rev Microbiol},
  year =         {2005},
  month =        {Mar},
  number =       {3},
  volume =       {3},
  pages =        {238-50},
  doi =          {10.1038/nrmicro1098},
  PMID =         {15703760}}

@Article{Ganz:2003,
  author =       {Ganz, T},
  title =        {Defensins: antimicrobial peptides of innate
                 immunity.},
  journal =      {Nat Rev Immunol},
  year =         {2003},
  month =        {Sep},
  number =       {9},
  volume =       {3},
  pages =        {710-20},
  doi =          {10.1038/nri1180},
  PMID =         {12949495}}

@Article{Bevins:2011,
  author =       {Bevins, C L and Salzman, N H},
  title =        {Paneth cells, antimicrobial peptides and
                 maintenance of intestinal homeostasis.},
  journal =      {Nat Rev Microbiol},
  year =         {2011},
  month =        {May},
  number =       {5},
  volume =       {9},
  pages =        {356-68},
  doi =          {10.1038/nrmicro2546},
  PMID =         {21423246}}

@Article{O'Neil:2003,
  author =       {O'Neil, D A},
  title =        {Regulation of expression of beta-defensins:
                 endogenous enteric peptide antibiotics.},
  journal =      {Mol Immunol},
  year =         {2003},
  month =        {Nov},
  number =       {7},
  volume =       {40},
  pages =        {445-50},
  doi =          {},
  PMID =         {14568390}}

@Article{Vora:2004,
  author =       {Vora, P and Youdim, A and Thomas, L S and Fukata,
                 M and Tesfay, S Y and Lukasek, K and Michelsen, K
                 S and Wada, A and Hirayama, T and Arditi, M and
                 Abreu, M T},
  title =        {Beta-defensin-2 expression is regulated by TLR
                 signaling in intestinal epithelial cells.},
  journal =      {J Immunol},
  year =         {2004},
  month =        {Nov},
  number =       {9},
  volume =       {173},
  pages =        {5398-405},
  doi =          {},
  PMID =         {15494486}}

@Article{Wang:2016,
  author =       {Wang, G and Li, X and Wang, Z},
  title =        {APD3: the antimicrobial peptide database as a tool
                 for research and education.},
  journal =      {Nucleic Acids Res},
  year =         {2016},
  month =        {Jan},
  number =       {D1},
  volume =       {44},
  pages =        {D1087-93},
  doi =          {10.1093/nar/gkv1278},
  PMID =         {26602694}}

@Article{Cash:2006,
  author =       {Cash, H L and Whitham, C V and Behrendt, C L and
                 Hooper, L V},
  title =        {Symbiotic bacteria direct expression of an
                 intestinal bactericidal lectin.},
  journal =      {Science},
  year =         {2006},
  month =        {Aug},
  number =       {5790},
  volume =       {313},
  pages =        {1126-30},
  doi =          {10.1126/science.1127119},
  PMID =         {16931762}}

@Article{Nishimura:2004,
  author =       {Nishimura, E and Eto, A and Kato, M and Hashizume,
                 S and Imai, S and Nisizawa, T and Hanada, N},
  title =        {Oral streptococci exhibit diverse susceptibility
                 to human beta-defensin-2: antimicrobial effects of
                 hBD-2 on oral streptococci.},
  journal =      {Curr Microbiol},
  year =         {2004},
  month =        {Feb},
  number =       {2},
  volume =       {48},
  pages =        {85-7},
  doi =          {10.1007/s00284-003-4108-3},
  PMID =         {15057473}}

@Article{Bergstrom:2013,
  author =       {Bergstrom, K S and Xia, L},
  title =        {Mucin-type O-glycans and their roles in intestinal
                 homeostasis.},
  journal =      {Glycobiology},
  year =         {2013},
  month =        {Sep},
  number =       {9},
  volume =       {23},
  pages =        {1026-37},
  doi =          {10.1093/glycob/cwt045},
  PMID =         {23752712}}

@Article{Cornick:2015,
  author =       {Cornick, S and Tawiah, A and Chadee, K},
  title =        {Roles and regulation of the mucus barrier in the
                 gut.},
  journal =      {Tissue Barriers},
  year =         {2015},
  month =        {},
  number =       {1-2},
  volume =       {3},
  pages =        {e982426},
  doi =          {10.4161/21688370.2014.982426},
  PMID =         {25838985}}

@Article{Johansson:2016,
  author =       {Johansson, M E and Hansson, G C},
  title =        {Immunological aspects of intestinal mucus and
                 mucins.},
  journal =      {Nat Rev Immunol},
  year =         {2016},
  month =        {10},
  number =       {10},
  volume =       {16},
  pages =        {639-49},
  doi =          {10.1038/nri.2016.88},
  PMID =         {27498766}}

@Article{Kim:2010,
  author =       {Kim, Y S and Ho, S B},
  title =        {Intestinal goblet cells and mucins in health and
                 disease: recent insights and progress.},
  journal =      {Curr Gastroenterol Rep},
  year =         {2010},
  month =        {Oct},
  number =       {5},
  volume =       {12},
  pages =        {319-30},
  doi =          {10.1007/s11894-010-0131-2},
  PMID =         {20703838}}

@Book{varki2017essentials,
 author = {Varki, Ajit},
 title = {Essentials of glycobiology},
 publisher = {Cold Spring Harbor Laboratory Press},
 year = {2017},
 address = {Cold Spring Harbor, New York},
 isbn = {978-1621821328}
 }
@Article{Wang:2005,
  author =       {Wang, F and Graham, W V and Wang, Y and Witkowski,
                 E D and Schwarz, B T and Turner, J R},
  title =        {Interferon-gamma and tumor necrosis factor-alpha
                 synergize to induce intestinal epithelial barrier
                 dysfunction by up-regulating myosin light chain
                 kinase expression.},
  journal =      {Am J Pathol},
  year =         {2005},
  month =        {Feb},
  number =       {2},
  volume =       {166},
  pages =        {409-19},
  doi =          {},
  PMID =         {15681825}}

@Article{Wang:2006,
  author =       {Wang, F and Schwarz, B T and Graham, W V and Wang,
                 Y and Su, L and Clayburgh, D R and Abraham, C and
                 Turner, J R},
  title =        {IFN-gamma-induced TNFR2 expression is required for
                 TNF-dependent intestinal epithelial barrier
                 dysfunction.},
  journal =      {Gastroenterology},
  year =         {2006},
  month =        {Oct},
  number =       {4},
  volume =       {131},
  pages =        {1153-63},
  doi =          {10.1053/j.gastro.2006.08.022},
  PMID =         {17030185}}

@Article{Tan:1993,
  author =       {Tan, X and Hsueh, W and Gonzalez-Crussi, F},
  title =        {Cellular localization of tumor necrosis factor
                 (TNF)-alpha transcripts in normal bowel and in
                 necrotizing enterocolitis. TNF gene expression by
                 Paneth cells, intestinal eosinophils, and
                 macrophages.},
  journal =      {Am J Pathol},
  year =         {1993},
  month =        {Jun},
  number =       {6},
  volume =       {142},
  pages =        {1858-65},
  doi =          {},
  PMID =         {8506954}}

@Article{Upperman:2005,
  author =       {Upperman, J S and Potoka, D and Grishin, A and
                 Hackam, D and Zamora, R and Ford, H R},
  title =        {Mechanisms of nitric oxide-mediated intestinal
                 barrier failure in necrotizing enterocolitis.},
  journal =      {Semin Pediatr Surg},
  year =         {2005},
  month =        {Aug},
  number =       {3},
  volume =       {14},
  pages =        {159-66},
  doi =          {10.1053/j.sempedsurg.2005.05.004},
  PMID =         {16084403}}

@Article{Emami:2012,
  author =       {Emami, C N and Mittal, R and Wang, L and Ford, H R
                 and Prasadarao, N V},
  title =        {Role of neutrophils and macrophages in the
                 pathogenesis of necrotizing enterocolitis caused
                 by Cronobacter sakazakii.},
  journal =      {J Surg Res},
  year =         {2012},
  month =        {Jan},
  number =       {1},
  volume =       {172},
  pages =        {18-28},
  doi =          {10.1016/j.jss.2011.04.019},
  PMID =         {21601887}}

@Article{Halpern:2003,
  author =       {Halpern, M D and Holubec, H and Dominguez, J A and
                 Meza, Y G and Williams, C S and Ruth, M C and
                 McCuskey, R S and Dvorak, B},
  title =        {Hepatic inflammatory mediators contribute to
                 intestinal damage in necrotizing enterocolitis.},
  journal =      {Am J Physiol Gastrointest Liver Physiol},
  year =         {2003},
  month =        {Apr},
  number =       {4},
  volume =       {284},
  pages =        {G695-702},
  doi =          {10.1152/ajpgi.00353.2002},
  PMID =         {12529262}}

@Article{Ford:1997,
  author =       {Ford, H and Watkins, S and Reblock, K and Rowe, M},
  title =        {The role of inflammatory cytokines and nitric
                 oxide in the pathogenesis of necrotizing
                 enterocolitis.},
  journal =      {J Pediatr Surg},
  year =         {1997},
  month =        {Feb},
  number =       {2},
  volume =       {32},
  pages =        {275-82},
  doi =          {},
  PMID =         {9044137}}

@Article{Ford:1996,
  author =       {Ford, H R and Sorrells, D L and Knisely, A S},
  title =        {Inflammatory cytokines, nitric oxide, and
                 necrotizing enterocolitis.},
  journal =      {Semin Pediatr Surg},
  year =         {1996},
  month =        {Aug},
  number =       {3},
  volume =       {5},
  pages =        {155-9},
  doi =          {},
  PMID =         {8858761}}

@Article{Rhee:2005,
  author =       {Rhee, S J and Walker, W A and Cherayil, B J},
  title =        {Developmentally regulated intestinal expression of
                 IFN-gamma and its target genes and the
                 age-specific response to enteric Salmonella
                 infection.},
  journal =      {J Immunol},
  year =         {2005},
  month =        {Jul},
  number =       {2},
  volume =       {175},
  pages =        {1127-36},
  doi =          {},
  PMID =         {16002714}}

@Article{Forster:2014,
  author =       {Forster, R and Chiba, K and Schaeffer, L and
                 Regalado, S G and Lai, C S and Gao, Q and Kiani, S
                 and Farin, H F and Clevers, H and Cost, G J and
                 Chan, A and Rebar, E J and Urnov, F D and Gregory,
                 P D and Pachter, L and Jaenisch, R and Hockemeyer,
                 D},
  title =        {Human intestinal tissue with adult stem cell
                 properties derived from pluripotent stem cells.},
  journal =      {Stem Cell Reports},
  year =         {2014},
  month =        {Jun},
  number =       {6},
  volume =       {2},
  pages =        {838-52},
  doi =          {10.1016/j.stemcr.2014.05.001},
  PMID =         {24936470}}

@Article{Dedhia:2016,
  author =       {Dedhia, P H and Bertaux-Skeirik, N and Zavros, Y
                 and Spence, J R},
  title =        {Organoid Models of Human Gastrointestinal
                 Development and Disease.},
  journal =      {Gastroenterology},
  year =         {2016},
  month =        {05},
  number =       {5},
  volume =       {150},
  pages =        {1098-112},
  doi =          {10.1053/j.gastro.2015.12.042},
  PMID =         {26774180}}

@Article{Aurora:2016,
  author =       {Aurora, M and Spence, J R},
  title =        {hPSC-derived lung and intestinal organoids as
                 models of human fetal tissue.},
  journal =      {Dev Biol},
  year =         {2016},
  month =        {Dec},
  number =       {2},
  volume =       {420},
  pages =        {230-238},
  doi =          {10.1016/j.ydbio.2016.06.006},
  PMID =         {27287882}}

@Article{Chin:2017,
  author =       {Chin, A M and Hill, D R and Aurora, M and Spence,
                 J R},
  title =        {Morphogenesis and maturation of the embryonic and
                 postnatal intestine.},
  journal =      {Semin Cell Dev Biol},
  year =         {2017},
  month =        {Feb},
  number =       {},
  volume =       {},
  pages =        {},
  doi =          {10.1016/j.semcdb.2017.01.011},
  PMID =         {28161556}}

@Article{Tsai:2017,
  author =       {Tsai, Y H and Nattiv, R and Dedhia, P H and Nagy,
                 M S and Chin, A M and Thomson, M and Klein, O D
                 and Spence, J R},
  title =        {In vitro patterning of pluripotent stem
                 cell-derived intestine recapitulates in vivo human
                 development.},
  journal =      {Development},
  year =         {2017},
  month =        {Mar},
  number =       {6},
  volume =       {144},
  pages =        {1045-1055},
  doi =          {10.1242/dev.138453},
  PMID =         {27927684}}

@Article{Kim:2017,
  author =       {Kim, Y G and Sakamoto, K and Seo, S U and Pickard,
                 J M and Gillilland, 3rd, M G and Pudlo, N A and
                 Hoostal, M and Li, X and Wang, T D and Feehley, T
                 and Stefka, A T and Schmidt, T M and Martens, E C
                 and Fukuda, S and Inohara, N and Nagler, C R and
                 Núñez, G},
  title =        {Neonatal acquisition of Clostridia species
                 protects against colonization by bacterial
                 pathogens.},
  journal =      {Science},
  year =         {2017},
  month =        {Apr},
  number =       {6335},
  volume =       {356},
  pages =        {315-319},
  doi =          {10.1126/science.aag2029},
  PMID =         {28428425}}

@Article{Rodriguez-Pineiro:2013,
  author =       {Rodriguez-Pineiro, A M and Bergstrom, J H and
                 Ermund, A and Gustafsson, J K and Schutte, A and
                 Johansson, M E and Hansson, G C},
  title =        {Studies of mucus in mouse stomach, small
                 intestine, and colon. II. Gastrointestinal mucus
                 proteome reveals Muc2 and Muc5ac accompanied by a
                 set of core proteins.},
  journal =      {Am J Physiol Gastrointest Liver Physiol},
  year =         {2013},
  month =        {Sep},
  number =       {5},
  volume =       {305},
  pages =        {G348-56},
  doi =          {10.1152/ajpgi.00047.2013},
  PMID =         {23832517}}

@Article{Buisine:1998,
  author =       {Buisine, M P and Devisme, L and Savidge, T C and
                 Gespach, C and Gosselin, B and Porchet, N and
                 Aubert, J P},
  title =        {Mucin gene expression in human embryonic and fetal
                 intestine.},
  journal =      {Gut},
  year =         {1998},
  month =        {Oct},
  number =       {4},
  volume =       {43},
  pages =        {519-24},
  doi =          {},
  PMID =         {9824580}}

@Article{Buisine:2001,
  author =       {Buisine, M P and Desreumaux, P and Leteurtre, E
                 and Copin, M C and Colombel, J F and Porchet, N
                 and Aubert, J P},
  title =        {Mucin gene expression in intestinal epithelial
                 cells in Crohn's disease.},
  journal =      {Gut},
  year =         {2001},
  month =        {Oct},
  number =       {4},
  volume =       {49},
  pages =        {544-51},
  doi =          {},
  PMID =         {11559653}}

@Article{Donaldson:2016,
  author =       {Donaldson, G P and Lee, S M and Mazmanian, S K},
  title =        {Gut biogeography of the bacterial microbiota.},
  journal =      {Nat Rev Microbiol},
  year =         {2016},
  month =        {Jan},
  number =       {1},
  volume =       {14},
  pages =        {20-32},
  doi =          {10.1038/nrmicro3552},
  PMID =         {26499895}}

@Article{Gensollen:2016,
  author =       {Gensollen, T and Iyer, S S and Kasper, D L and
                 Blumberg, R S},
  title =        {How colonization by microbiota in early life
                 shapes the immune system.},
  journal =      {Science},
  year =         {2016},
  month =        {Apr},
  number =       {6285},
  volume =       {352},
  pages =        {539-44},
  doi =          {10.1126/science.aad9378},
  PMID =         {27126036}}

@Article{McLoughlin:2016,
  author =       {McLoughlin, K and Schluter, J and Rakoff-Nahoum, S
                 and Smith, A L and Foster, K R},
  title =        {Host Selection of Microbiota via Differential
                 Adhesion.},
  journal =      {Cell Host Microbe},
  year =         {2016},
  month =        {Apr},
  number =       {4},
  volume =       {19},
  pages =        {550-9},
  doi =          {10.1016/j.chom.2016.02.021},
  PMID =         {27053168}}

@Article{Hooper:1999,
  author =       {Hooper, L V and Xu, J and Falk, P G and Midtvedt,
                 T and Gordon, J I},
  title =        {A molecular sensor that allows a gut commensal to
                 control its nutrient foundation in a competitive
                 ecosystem.},
  journal =      {Proc Natl Acad Sci U S A},
  year =         {1999},
  month =        {Aug},
  number =       {17},
  volume =       {96},
  pages =        {9833-8},
  doi =          {},
  PMID =         {10449780}}

@Article{Vaishnava:2008,
  author =       {Vaishnava, S and Behrendt, C L and Ismail, A S and
                 Eckmann, L and Hooper, L V},
  title =        {Paneth cells directly sense gut commensals and
                 maintain homeostasis at the intestinal
                 host-microbial interface.},
  journal =      {Proc Natl Acad Sci U S A},
  year =         {2008},
  month =        {Dec},
  number =       {52},
  volume =       {105},
  pages =        {20858-63},
  doi =          {10.1073/pnas.0808723105},
  PMID =         {19075245}}

@Article{Yassour:2016,
  author =       {Yassour, M and Vatanen, T and Siljander, H and
                 Hämäläinen, A M and Härkönen, T and Ryhänen, S J
                 and Franzosa, E A and Vlamakis, H and Huttenhower,
                 C and Gevers, D and Lander, E S and Knip, M and
                 {DIABIMMUNE Study Group} and Xavier, R J},
  title =        {Natural history of the infant gut microbiome and
                 impact of antibiotic treatment on bacterial strain
                 diversity and stability.},
  journal =      {Sci Transl Med},
  year =         {2016},
  month =        {Jun},
  number =       {343},
  volume =       {8},
  pages =        {343ra81},
  doi =          {10.1126/scitranslmed.aad0917},
  PMID =         {27306663}}

@Article{Buffie:2013,
  author =       {Buffie, C G and Pamer, E G},
  title =        {Microbiota-mediated colonization resistance
                 against intestinal pathogens.},
  journal =      {Nat Rev Immunol},
  year =         {2013},
  month =        {Nov},
  number =       {11},
  volume =       {13},
  pages =        {790-801},
  doi =          {10.1038/nri3535},
  PMID =         {24096337}}

@Article{Artis:2008,
  author =       {Artis, D},
  title =        {Epithelial-cell recognition of commensal bacteria
                 and maintenance of immune homeostasis in the gut.},
  journal =      {Nat Rev Immunol},
  year =         {2008},
  month =        {Jun},
  number =       {6},
  volume =       {8},
  pages =        {411-20},
  doi =          {10.1038/nri2316},
  PMID =         {18469830}}

@Article{Xiao:2005,
  author =       {Xiao, C and Ghosh, S},
  title =        {NF-kappaB, an evolutionarily conserved mediator of
                 immune and inflammatory responses.},
  journal =      {Adv Exp Med Biol},
  year =         {2005},
  month =        {},
  number =       {},
  volume =       {560},
  pages =        {41-5},
  doi =          {10.1007/0-387-24180-9\_5},
  PMID =         {15932018}}

@Article{Kawai:2007,
  author =       {Kawai, T and Akira, S},
  title =        {Signaling to NF-kappaB by Toll-like receptors.},
  journal =      {Trends Mol Med},
  year =         {2007},
  month =        {Nov},
  number =       {11},
  volume =       {13},
  pages =        {460-9},
  doi =          {10.1016/j.molmed.2007.09.002},
  PMID =         {18029230}}

@Article{Zhang:2001,
  author =       {Zhang, G and Ghosh, S},
  title =        {Toll-like receptor-mediated NF-kappaB activation:
                 a phylogenetically conserved paradigm in innate
                 immunity.},
  journal =      {J Clin Invest},
  year =         {2001},
  month =        {Jan},
  number =       {1},
  volume =       {107},
  pages =        {13-9},
  doi =          {10.1172/JCI11837},
  PMID =         {11134172}}

@Article{Arias-Loste:2015,
  author =       {Arias-Loste, M T and Fábrega, E and López-Hoyos, M
                 and Crespo, J},
  title =        {The Crosstalk between Hypoxia and Innate Immunity
                 in the Development of Obesity-Related Nonalcoholic
                 Fatty Liver Disease.},
  journal =      {Biomed Res Int},
  year =         {2015},
  month =        {},
  number =       {},
  volume =       {2015},
  pages =        {319745},
  doi =          {10.1155/2015/319745},
  PMID =         {26491664}}

@Article{Oliver:2009,
  author =       {Oliver, K M and Taylor, C T and Cummins, E P},
  title =        {Hypoxia. Regulation of NFkappaB signalling during
                 inflammation: the role of hydroxylases.},
  journal =      {Arthritis Res Ther},
  year =         {2009},
  month =        {},
  number =       {1},
  volume =       {11},
  pages =        {215},
  doi =          {10.1186/ar2575},
  PMID =         {19291263}}

@Article{Zheng:2015,
  author =       {Zheng, L and Kelly, C J and Colgan, S P},
  title =        {Physiologic hypoxia and oxygen homeostasis in the
                 healthy intestine. A Review in the Theme: Cellular
                 Responses to Hypoxia.},
  journal =      {Am J Physiol Cell Physiol},
  year =         {2015},
  month =        {Sep},
  number =       {6},
  volume =       {309},
  pages =        {C350-60},
  doi =          {10.1152/ajpcell.00191.2015},
  PMID =         {26179603}}

@Article{Grenz:2012,
  author =       {Grenz, A and Clambey, E and Eltzschig, H K},
  title =        {Hypoxia signaling during intestinal ischemia and
                 inflammation.},
  journal =      {Curr Opin Crit Care},
  year =         {2012},
  month =        {Apr},
  number =       {2},
  volume =       {18},
  pages =        {178-85},
  doi =          {10.1097/MCC.0b013e3283514bd0},
  PMID =         {22322265}}

@book{sanderson2000development,
  title={Development of the Gastrointestinal Tract},
  author={Sanderson, I.R. and Walker, W.A.},
  number={v. 1},
  isbn={9781550090819},
  series={Development of the Gastrointestinal Tract},
  url={https://books.google.com/books?id=YhgKZ\_dvda0C},
  year={2000},
  publisher={B.C. Decker}
}


@Article{Neu:2007,
  author =       {Neu, J},
  title =        {Gastrointestinal maturation and implications for
                 infant feeding.},
  journal =      {Early Hum Dev},
  year =         {2007},
  month =        {Dec},
  number =       {12},
  volume =       {83},
  pages =        {767-75},
  doi =          {10.1016/j.earlhumdev.2007.09.009},
  PMID =         {17913404}}

@Article{Lebenthal:1999,
  author =       {Lebenthal, A and Lebenthal, E},
  title =        {The ontogeny of the small intestinal epithelium.},
  journal =      {JPEN J Parenter Enteral Nutr},
  year =         {1999},
  month =        {},
  number =       {5 Suppl},
  volume =       {23},
  pages =        {S3-6},
  doi =          {10.1177/014860719902300502},
  PMID =         {10483884}}

@Article{Garcia-Lafuente:2001,
  author =       {García-Lafuente, A and Antolín, M and Guarner, F
                 and Crespo, E and Malagelada, J R},
  title =        {Modulation of colonic barrier function by the
                 composition of the commensal flora in the rat.},
  journal =      {Gut},
  year =         {2001},
  month =        {Apr},
  number =       {4},
  volume =       {48},
  pages =        {503-7},
  doi =          {},
  PMID =         {11247894}}

@Article{Malago:2015,
  author =       {Malago, J J},
  title =        {Contribution of microbiota to the intestinal
                 physicochemical barrier.},
  journal =      {Benef Microbes},
  year =         {2015},
  month =        {},
  number =       {3},
  volume =       {6},
  pages =        {295-311},
  doi =          {10.3920/BM2014.0041},
  PMID =         {25273548}}

@Article{Menard:2008,
  author =       {Ménard, S and Förster, V and Lotz, M and Gütle, D
                 and Duerr, C U and Gallo, R L and
                 Henriques-Normark, B and Pütsep, K and Andersson,
                 M and Glocker, E O and Hornef, M W},
  title =        {Developmental switch of intestinal antimicrobial
                 peptide expression.},
  journal =      {J Exp Med},
  year =         {2008},
  month =        {Jan},
  number =       {1},
  volume =       {205},
  pages =        {183-93},
  doi =          {10.1084/jem.20071022},
  PMID =         {18180308}}

@Article{Ostaff:2013,
  author =       {Ostaff, M J and Stange, E F and Wehkamp, J},
  title =        {Antimicrobial peptides and gut microbiota in
                 homeostasis and pathology.},
  journal =      {EMBO Mol Med},
  year =         {2013},
  month =        {10},
  number =       {10},
  volume =       {5},
  pages =        {1465-83},
  doi =          {10.1002/emmm.201201773},
  PMID =         {24039130}}

@Article{Cullen:2015,
  author =       {Cullen, T W and Schofield, W B and Barry, N A and
                 Putnam, E E and Rundell, E A and Trent, M S and
                 Degnan, P H and Booth, C J and Yu, H and Goodman,
                 A L},
  title =        {Gut microbiota. Antimicrobial peptide resistance
                 mediates resilience of prominent gut commensals
                 during inflammation.},
  journal =      {Science},
  year =         {2015},
  month =        {Jan},
  number =       {6218},
  volume =       {347},
  pages =        {170-5},
  doi =          {10.1126/science.1260580},
  PMID =         {25574022}}

@Article{Salzman:2003,
  author =       {Salzman, N H and Ghosh, D and Huttner, K M and
                 Paterson, Y and Bevins, C L},
  title =        {Protection against enteric salmonellosis in
                 transgenic mice expressing a human intestinal
                 defensin.},
  journal =      {Nature},
  year =         {2003},
  month =        {Apr},
  number =       {6931},
  volume =       {422},
  pages =        {522-6},
  doi =          {10.1038/nature01520},
  PMID =         {12660734}}

@Article{Salzman:2010,
  author =       {Salzman, N H and Hung, K and Haribhai, D and Chu,
                 H and Karlsson-Sjöberg, J and Amir, E and Teggatz,
                 P and Barman, M and Hayward, M and Eastwood, D and
                 Stoel, M and Zhou, Y and Sodergren, E and
                 Weinstock, G M and Bevins, C L and Williams, C B
                 and Bos, N A},
  title =        {Enteric defensins are essential regulators of
                 intestinal microbial ecology.},
  journal =      {Nat Immunol},
  year =         {2010},
  month =        {Jan},
  number =       {1},
  volume =       {11},
  pages =        {76-83},
  doi =          {10.1038/ni.1825},
  PMID =         {19855381}}

@Article{Hansson:2012,
  author =       {Hansson, G C},
  title =        {Role of mucus layers in gut infection and
                 inflammation.},
  journal =      {Curr Opin Microbiol},
  year =         {2012},
  month =        {Feb},
  number =       {1},
  volume =       {15},
  pages =        {57-62},
  doi =          {10.1016/j.mib.2011.11.002},
  PMID =         {22177113}}

@Article{Li:2015,
  author =       {Li, H and Limenitakis, J P and Fuhrer, T and
                 Geuking, M B and Lawson, M A and Wyss, M and
                 Brugiroux, S and Keller, I and Macpherson, J A and
                 Rupp, S and Stolp, B and Stein, J V and Stecher, B
                 and Sauer, U and McCoy, K D and Macpherson, A J},
  title =        {The outer mucus layer hosts a distinct intestinal
                 microbial niche.},
  journal =      {Nat Commun},
  year =         {2015},
  month =        {Sep},
  number =       {},
  volume =       {6},
  pages =        {8292},
  doi =          {10.1038/ncomms9292},
  PMID =         {26392213}}

@Article{Dupont:2014,
  author =       {Dupont, A and Heinbockel, L and Brandenburg, K and
                 Hornef, M W},
  title =        {Antimicrobial peptides and the enteric mucus layer
                 act in concert to protect the intestinal mucosa.},
  journal =      {Gut Microbes},
  year =         {2014},
  month =        {},
  number =       {6},
  volume =       {5},
  pages =        {761-5},
  doi =          {10.4161/19490976.2014.972238},
  PMID =         {25483327}}

@Article{Shawki:2017,
  author =       {Shawki, A and McCole, D F},
  title =        {Mechanisms of Intestinal Epithelial Barrier
                 Dysfunction by Adherent-Invasive Escherichia coli.},
  journal =      {Cell Mol Gastroenterol Hepatol},
  year =         {2017},
  month =        {Jan},
  number =       {1},
  volume =       {3},
  pages =        {41-50},
  doi =          {10.1016/j.jcmgh.2016.10.004},
  PMID =         {28174756}}

@Article{Ahmad:2017,
  author =       {Ahmad, R and Sorrell, M F and Batra, S K and
                 Dhawan, P and Singh, A B},
  title =        {Gut permeability and mucosal inflammation: bad,
                 good or context dependent.},
  journal =      {Mucosal Immunol},
  year =         {2017},
  month =        {Mar},
  number =       {2},
  volume =       {10},
  pages =        {307-317},
  doi =          {10.1038/mi.2016.128},
  PMID =         {28120842}}

@Article{Michielan:2015,
  author =       {Michielan, A and D'Incà, R},
  title =        {Intestinal Permeability in Inflammatory Bowel
                 Disease: Pathogenesis, Clinical Evaluation, and
                 Therapy of Leaky Gut.},
  journal =      {Mediators Inflamm},
  year =         {2015},
  month =        {},
  number =       {},
  volume =       {2015},
  pages =        {628157},
  doi =          {10.1155/2015/628157},
  PMID =         {26582965}}

@Article{Bischoff:2014,
  author =       {Bischoff, S C and Barbara, G and Buurman, W and
                 Ockhuizen, T and Schulzke, J D and Serino, M and
                 Tilg, H and Watson, A and Wells, J M},
  title =        {Intestinal permeability--a new target for disease
                 prevention and therapy.},
  journal =      {BMC Gastroenterol},
  year =         {2014},
  month =        {Nov},
  number =       {},
  volume =       {14},
  pages =        {189},
  doi =          {10.1186/s12876-014-0189-7},
  PMID =         {25407511}}

@Article{Tsutsumi-Ishii:2002,
  author =       {Tsutsumi-Ishii, Y and Nagaoka, I},
  title =        {NF-kappa B-mediated transcriptional regulation of
                 human beta-defensin-2 gene following
                 lipopolysaccharide stimulation.},
  journal =      {J Leukoc Biol},
  year =         {2002},
  month =        {Jan},
  number =       {1},
  volume =       {71},
  pages =        {154-62},
  doi =          {},
  PMID =         {11781391}}

@Article{Ahn:2005,
  author =       {Ahn, D H and Crawley, S C and Hokari, R and Kato,
                 S and Yang, S C and Li, J D and Kim, Y S},
  title =        {TNF-alpha activates MUC2 transcription via
                 NF-kappaB but inhibits via JNK activation.},
  journal =      {Cell Physiol Biochem},
  year =         {2005},
  month =        {},
  number =       {1-4},
  volume =       {15},
  pages =        {29-40},
  doi =          {10.1159/000083636},
  PMID =         {15665513}}

@Article{Robinson:2014,
  author =       {Robinson, J},
  title =        {Cochrane in context: probiotics for prevention of
                 necrotizing enterocolitis in preterm infants.},
  journal =      {Evid Based Child Health},
  year =         {2014},
  month =        {Sep},
  number =       {3},
  volume =       {9},
  pages =        {672-4},
  doi =          {10.1002/ebch.1977},
  PMID =         {25236308}}

@Article{Underwood:2014,
  author =       {Underwood, M A and Arriola, J and Gerber, C W and
                 Kaveti, A and Kalanetra, K M and Kananurak, A and
                 Bevins, C L and Mills, D A and Dvorak, B},
  title =        {Bifidobacterium longum subsp. infantis in
                 experimental necrotizing enterocolitis:
                 alterations in inflammation, innate immune
                 response, and the microbiota.},
  journal =      {Pediatr Res},
  year =         {2014},
  month =        {Oct},
  number =       {4},
  volume =       {76},
  pages =        {326-33},
  doi =          {10.1038/pr.2014.102},
  PMID =         {25000347}}

@Article{Khailova:2009,
  author =       {Khailova, L and Dvorak, K and Arganbright, K M and
                 Halpern, M D and Kinouchi, T and Yajima, M and
                 Dvorak, B},
  title =        {Bifidobacterium bifidum improves intestinal
                 integrity in a rat model of necrotizing
                 enterocolitis.},
  journal =      {Am J Physiol Gastrointest Liver Physiol},
  year =         {2009},
  month =        {Nov},
  number =       {5},
  volume =       {297},
  pages =        {G940-9},
  doi =          {},
  PMID =         {20501441}}

@Article{Alfaleh:2011,
  author =       {Alfaleh, K and Anabrees, J and Bassler, D and
                 Al-Kharfi, T},
  title =        {Probiotics for prevention of necrotizing
                 enterocolitis in preterm infants.},
  journal =      {Cochrane Database Syst Rev},
  year =         {2011},
  month =        {Mar},
  number =       {3},
  volume =       {},
  pages =        {CD005496},
  doi =          {10.1002/14651858.CD005496.pub3},
  PMID =         {21412889}}

@Article{Wopereis:2014,
  author =       {Wopereis, H and Oozeer, R and Knipping, K and
                 Belzer, C and Knol, J},
  title =        {The first thousand days - intestinal microbiology
                 of early life: establishing a symbiosis.},
  journal =      {Pediatr Allergy Immunol},
  year =         {2014},
  month =        {Aug},
  number =       {5},
  volume =       {25},
  pages =        {428-38},
  doi =          {10.1111/pai.12232},
  PMID =         {24899389}}

@Article{Ward:2016,
  author =       {Ward, D V and Scholz, M and Zolfo, M and Taft, D H
                 and Schibler, K R and Tett, A and Segata, N and
                 Morrow, A L},
  title =        {Metagenomic Sequencing with Strain-Level
                 Resolution Implicates Uropathogenic E. coli in
                 Necrotizing Enterocolitis and Mortality in Preterm
                 Infants.},
  journal =      {Cell Rep},
  year =         {2016},
  month =        {Mar},
  number =       {12},
  volume =       {14},
  pages =        {2912-24},
  doi =          {10.1016/j.celrep.2016.03.015},
  PMID =         {26997279}}

@Article{Bray:2016,
  author =       {Bray, N L and Pimentel, H and Melsted, P and
                 Pachter, L},
  title =        {Near-optimal probabilistic RNA-seq quantification.},
  journal =      {Nat Biotechnol},
  year =         {2016},
  month =        {May},
  number =       {5},
  volume =       {34},
  pages =        {525-7},
  doi =          {10.1038/nbt.3519},
  PMID =         {27043002}}

@Manual{CRAN:2017,
  title = {R: A Language and Environment for Statistical Computing},
  author = {{R Core Team}},
  organization = {R Foundation for Statistical Computing},
  address = {Vienna, Austria},
  year = {2017},
  url = {https://www.R-project.org/},
}

@Article{Love:2014,
  title = {Moderated estimation of fold change and dispersion for RNA-seq data with DESeq2},
  author = {Michael I. Love and Wolfgang Huber and Simon Anders},
  year = {2014},
  journal = {Genome Biology},
  doi = {10.1186/s13059-014-0550-8},
  volume = {15},
  issue = {12},
  pages = {550},
}

@article{Stallman:1981:EEC:1159890.806466,
 author = {Stallman, Richard M.},
 title = {EMACS the Extensible, Customizable Self-documenting Display Editor},
 journal = {ACM SIGOA Newsletter},
 issue_date = {Spring/Summer 1981},
 volume = {2},
 number = {1-2},
 month = apr,
 year = {1981},
 issn = {0737-819X},
 pages = {147--156},
 numpages = {10},
 url = {http://doi.acm.org/10.1145/1159890.806466},
 doi = {10.1145/1159890.806466},
 acmid = {806466},
 publisher = {ACM},
 address = {New York, NY, USA},
}

@Book{Wickham:2009,
  author = {Hadley Wickham},
  title = {ggplot2: Elegant Graphics for Data Analysis},
  publisher = {Springer-Verlag New York},
  year = {2009},
  isbn = {978-0-387-98140-6},
  url = {http://ggplot2.org},
}
@Article{Miyoshi:2012,
  author =       {Miyoshi, H and Ajima, R and Luo, C T and
                 Yamaguchi, T P and Stappenbeck, T S},
  title =        {Wnt5a potentiates TGF-beta signaling to promote
                 colonic crypt regeneration after tissue injury.},
  journal =      {Science},
  year =         {2012},
  month =        {Oct},
  number =       {6103},
  volume =       {338},
  pages =        {108-13},
  doi =          {10.1126/science.1223821},
  PMID =         {22956684}}

@Article{Miyoshi:2013,
  author =       {Miyoshi, H and Stappenbeck, T S},
  title =        {In vitro expansion and genetic modification of
                 gastrointestinal stem cells in spheroid culture.},
  journal =      {Nat Protoc},
  year =         {2013},
  month =        {Dec},
  number =       {12},
  volume =       {8},
  pages =        {2471-82},
  doi =          {10.1038/nprot.2013.153},
  PMID =         {24232249}}

@Article{Dye:2016,
  author =       {Dye, B R and Dedhia, P H and Miller, A J and Nagy,
                 M S and White, E S and Shea, L D and Spence, J R},
  title =        {A bioengineered niche promotes in vivo engraftment
                 and maturation of pluripotent stem cell derived
                 human lung organoids.},
  journal =      {Elife},
  year =         {2016},
  month =        {Sep},
  number =       {},
  volume =       {5},
  pages =        {},
  doi =          {10.7554/eLife.19732},
  PMID =         {27677847}}

 @Article{Yu:2012,
    title = {clusterProfiler: an R package for comparing biological themes among gene clusters},
    author = {Guangchuang Yu and Li-Gen Wang and Yanyan Han and Qing-Yu He},
    journal = {OMICS: A Journal of Integrative Biology},
    year = {2012},
    volume = {16},
    number = {5},
    pages = {284-287},
    pmid = {22455463},
    doi = {10.1089/omi.2011.0118},
  }

@Article{Yu:2016,
    title = {ReactomePA: an R/Bioconductor package for reactome pathway analysis and visualization},
    author = {Guangchuang Yu and Qing-Yu He},
    journal = {Molecular BioSystems},
    year = {2016},
    volume = {12},
    number = {12},
    pages = {477-479},
    pmid = {26661513},
    url = {http://pubs.rsc.org/en/Content/ArticleLanding/2015/MB/C5MB00663E},
    doi = {10.1039/C5MB00663E},
  }
@Article{Matsuo:1999,
  author =       {Matsuo, Y and Nishizaki, C and Drexler, H G},
  title =        {Efficient DNA fingerprinting method for the
                 identification of cross-culture contamination of
                 cell lines.},
  journal =      {Hum Cell},
  year =         {1999},
  month =        {Sep},
  number =       {3},
  volume =       {12},
  pages =        {149-54},
  doi =          {},
  PMID =         {10695022}}

@Article{Cheesman:2011,
  author =       {Cheesman, S E and Neal, J T and Mittge, E and
                 Seredick, B M and Guillemin, K},
  title =        {Epithelial cell proliferation in the developing
                 zebrafish intestine is regulated by the Wnt
                 pathway and microbial signaling via Myd88.},
  journal =      {Proc Natl Acad Sci U S A},
  year =         {2011},
  month =        {Mar},
  number =       {},
  volume =       {108 Suppl 1},
  pages =        {4570-7},
  doi =          {10.1073/pnas.1000072107},
  PMID =         {20921418}}

@Article{Neal:2013,
  author =       {Neal, J T and Peterson, T S and Kent, M L and
                 Guillemin, K},
  title =        {H. pylori virulence factor CagA increases
                 intestinal cell proliferation by Wnt pathway
                 activation in a transgenic zebrafish model.},
  journal =      {Dis Model Mech},
  year =         {2013},
  month =        {May},
  number =       {3},
  volume =       {6},
  pages =        {802-10},
  doi =          {10.1242/dmm.011163},
  PMID =         {23471915}}

@Article{Bates:2006,
  author =       {Bates, J M and Mittge, E and Kuhlman, J and Baden,
                 K N and Cheesman, S E and Guillemin, K},
  title =        {Distinct signals from the microbiota promote
                 different aspects of zebrafish gut
                 differentiation.},
  journal =      {Dev Biol},
  year =         {2006},
  month =        {Sep},
  number =       {2},
  volume =       {297},
  pages =        {374-86},
  doi =          {10.1016/j.ydbio.2006.05.006},
  PMID =         {16781702}}

@Article{Ijssennagger:2015,
  author =       {Ijssennagger, N and Belzer, C and Hooiveld, G J
                 and Dekker, J and van Mil, S W and Müller, M and
                 Kleerebezem, M and van der Meer, R},
  title =        {Gut microbiota facilitates dietary heme-induced
                 epithelial hyperproliferation by opening the mucus
                 barrier in colon.},
  journal =      {Proc Natl Acad Sci U S A},
  year =         {2015},
  month =        {Aug},
  number =       {32},
  volume =       {112},
  pages =        {10038-43},
  doi =          {10.1073/pnas.1507645112},
  PMID =         {26216954}}

@Article{Gerdes:1984,
  author =       {Gerdes, J and Lemke, H and Baisch, H and Wacker, H
                 H and Schwab, U and Stein, H},
  title =        {Cell cycle analysis of a cell
                 proliferation-associated human nuclear antigen
                 defined by the monoclonal antibody Ki-67.},
  journal =      {J Immunol},
  year =         {1984},
  month =        {Oct},
  number =       {4},
  volume =       {133},
  pages =        {1710-5},
  doi =          {},
  PMID =         {6206131}}

@Article{Bastide:2007,
  author =       {Bastide, P and Darido, C and Pannequin, J and
                 Kist, R and Robine, S and Marty-Double, C and
                 Bibeau, F and Scherer, G and Joubert, D and
                 Hollande, F and Blache, P and Jay, P},
  title =        {Sox9 regulates cell proliferation and is required
                 for Paneth cell differentiation in the intestinal
                 epithelium.},
  journal =      {J Cell Biol},
  year =         {2007},
  month =        {Aug},
  number =       {4},
  volume =       {178},
  pages =        {635-48},
  doi =          {10.1083/jcb.200704152},
  PMID =         {17698607}}

@Article{Mori-Akiyama:2007,
  author =       {Mori-Akiyama, Y and van den Born, M and van Es, J
                 H and Hamilton, S R and Adams, H P and Zhang, J
                 and Clevers, H and de Crombrugghe, B},
  title =        {SOX9 is required for the differentiation of paneth
                 cells in the intestinal epithelium.},
  journal =      {Gastroenterology},
  year =         {2007},
  month =        {Aug},
  number =       {2},
  volume =       {133},
  pages =        {539-46},
  doi =          {10.1053/j.gastro.2007.05.020},
  PMID =         {17681175}}

@Article{Furuyama:2011,
  author =       {Furuyama, K and Kawaguchi, Y and Akiyama, H and
                 Horiguchi, M and Kodama, S and Kuhara, T and
                 Hosokawa, S and Elbahrawy, A and Soeda, T and
                 Koizumi, M and Masui, T and Kawaguchi, M and
                 Takaori, K and Doi, R and Nishi, E and Kakinoki, R
                 and Deng, J M and Behringer, R R and Nakamura, T
                 and Uemoto, S},
  title =        {Continuous cell supply from a Sox9-expressing
                 progenitor zone in adult liver, exocrine pancreas
                 and intestine.},
  journal =      {Nat Genet},
  year =         {2011},
  month =        {Jan},
  number =       {1},
  volume =       {43},
  pages =        {34-41},
  doi =          {10.1038/ng.722},
  PMID =         {21113154}}

 @Article{pathview:2013,
    author = {{Luo} and {Weijun} and {Brouwer} and {Cory}},
    title = {Pathview: an R/Bioconductor package for pathway-based data integration and visualization},
    journal = {Bioinformatics},
    year = {2013},
    doi = {10.1093/bioinformatics/btt285},
    volume = {29},
    number = {14},
    pages = {1830-1831},
  }@Article{Kanehisa:2000,
  author =       {Kanehisa, M and Goto, S},
  title =        {KEGG: kyoto encyclopedia of genes and genomes.},
  journal =      {Nucleic Acids Res},
  year =         {2000},
  month =        {Jan},
  number =       {1},
  volume =       {28},
  pages =        {27-30},
  doi =          {},
  PMID =         {10592173}}

@Article{Wattam:2017,
  author =       {Wattam, A R and Davis, J J and Assaf, R and
                 Boisvert, S and Brettin, T and Bun, C and Conrad,
                 N and Dietrich, E M and Disz, T and Gabbard, J L
                 and Gerdes, S and Henry, C S and Kenyon, R W and
                 Machi, D and Mao, C and Nordberg, E K and Olsen, G
                 J and Murphy-Olson, D E and Olson, R and Overbeek,
                 R and Parrello, B and Pusch, G D and Shukla, M and
                 Vonstein, V and Warren, A and Xia, F and Yoo, H
                 and Stevens, R L},
  title =        {Improvements to PATRIC, the all-bacterial
                 Bioinformatics Database and Analysis Resource
                 Center.},
  journal =      {Nucleic Acids Res},
  year =         {2017},
  month =        {Jan},
  number =       {D1},
  volume =       {45},
  pages =        {D535-D542},
  doi =          {10.1093/nar/gkw1017},
  PMID =         {27899627}}

@Manual{Henry:2016,
    title = {ggstance: Horizontal 'ggplot2' Components},
    author = {Lionel Henry and Hadley Wickham and Winston Chang},
    year = {2016},
    note = {R package version 0.3},
    url = {https://CRAN.R-project.org/package=ggstance},
  }
@Article{Josephson:2006,
  author =       {Josephson, R and Sykes, G and Liu, Y and Ording, C
                 and Xu, W and Zeng, X and Shin, S and Loring, J
                 and Maitra, A and Rao, M S and Auerbach, J M},
  title =        {A molecular scheme for improved characterization
                 of human embryonic stem cell lines.},
  journal =      {BMC Biol},
  year =         {2006},
  month =        {Aug},
  number =       {},
  volume =       {4},
  pages =        {28},
  doi =          {10.1186/1741-7007-4-28},
  PMID =         {16919167}}

@Article{Sander:2011,
  author =       {Sander, L E and Davis, M J and Boekschoten, M V
                 and Amsen, D and Dascher, C C and Ryffel, B and
                 Swanson, J A and Müller, M and Blander, J M},
  title =        {Detection of prokaryotic mRNA signifies microbial
                 viability and promotes immunity.},
  journal =      {Nature},
  year =         {2011},
  month =        {May},
  number =       {7351},
  volume =       {474},
  pages =        {385-9},
  doi =          {10.1038/nature10072},
  PMID =         {21602824}}

@Article{Koong:1994,
  author =       {Koong, A C and Chen, E Y and Giaccia, A J},
  title =        {Hypoxia causes the activation of nuclear factor
                 kappa B through the phosphorylation of I kappa B
                 alpha on tyrosine residues.},
  journal =      {Cancer Res},
  year =         {1994},
  month =        {Mar},
  number =       {6},
  volume =       {54},
  pages =        {1425-30},
  doi =          {},
  PMID =         {8137243}}

@Article{Kisich:2001,
  author =       {Kisich, K O and Heifets, L and Higgins, M and
                 Diamond, G},
  title =        {Antimycobacterial agent based on mRNA encoding
                 human beta-defensin 2 enables primary macrophages
                 to restrict growth of Mycobacterium tuberculosis.},
  journal =      {Infect Immun},
  year =         {2001},
  month =        {Apr},
  number =       {4},
  volume =       {69},
  pages =        {2692-9},
  doi =          {10.1128/IAI.69.4.2692-2699.2001},
  PMID =         {11254636}}

@Article{Harder:1997,
  author =       {Harder, J and Siebert, R and Zhang, Y and
                 Matthiesen, P and Christophers, E and
                 Schlegelberger, B and Schröder, J M},
  title =        {Mapping of the gene encoding human beta-defensin-2
                 (DEFB2) to chromosome region 8p22-p23.1.},
  journal =      {Genomics},
  year =         {1997},
  month =        {Dec},
  number =       {3},
  volume =       {46},
  pages =        {472-5},
  doi =          {10.1006/geno.1997.5074},
  PMID =         {9441752}}

@Article{Hill:gita,
  author = 	 {Hill, D R},
  title = 	 {Hill\_HIO\_Colonization\_2017},
  journal = 	 {Github},
  year = 	 {2017},
  url = {github.com/hilldr/Hill\_HIO\_Colonization\_2017},
  volume = 	 {0a563a7},
}

@Article{Hill:gitb,
  author = 	 {Hill, D R},
  title = 	 {HIO\_microinjection},
  journal = 	 {Github},
  year = 	 {2017},
  url = {github.com/hilldr/HIO\_microinjection},
  volume = 	 {49ef21c},
}

